@book{muller2015music,
  title={Music information retrieval: Recent developments and applications},
  author={M{\"u}ller, Meinard and Ewert, Sebastian},
  year={2015},
  publisher={Foundations and Trends in Information Retrieval},
  volume={8},
  number={2-3},
  pages={127--261}
}

@book{lerch2012introduction,
  title={An introduction to audio content analysis: Applications in signal processing and music informatics},
  author={Lerch, Alexander},
  year={2012},
  publisher={Wiley-IEEE Press},
  address={Hoboken, NJ}
}

@book{nettl2005study,
  title={The study of ethnomusicology: Thirty-one issues and concepts},
  author={Nettl, Bruno},
  year={2005},
  publisher={University of Illinois Press},
  address={Urbana, IL},
  edition={2nd}
}

@book{titon2017worlds,
  title={Worlds of music: An introduction to the music of the world's peoples},
  author={Titon, Jeff Todd and Cooley, Timothy J. and Locke, David and McAllester, David P. and Rasmussen, Anne K.},
  year={2017},
  publisher={Cengage Learning},
  address={Boston, MA},
  edition={6th}
}

@book{creswell2014research,
  title={Research design: Qualitative, quantitative, and mixed methods approaches},
  author={Creswell, John W.},
  year={2014},
  publisher={Sage Publications},
  address={Thousand Oaks, CA},
  edition={4th}
}

@article{serra2011roadmap,
  title={Roadmap for music information research},
  author={Serra, Xavier and Magas, Perfecto and Benetos, Emmanouil and Chudy, Magdalena and Dixon, Simon and Flexer, Arthur and G{\'o}mez, Emilia and Herrera, Perfecto and Serra, Joan and Widmer, Gerhard},
  journal={Creative Commons BY-NC-ND 3.0 License},
  year={2013},
  publisher={MIReS}
}

@inproceedings{fuentes2007computational,
  title={Computational ethnomusicology},
  author={Fuentes, Marcelo and McEnnis, Daniel and Shifrin, Jared and Tzanetakis, George},
  booktitle={Proceedings of the 8th International Conference on Music Information Retrieval},
  pages={499--500},
  year={2007},
  organization={Austrian Computer Society}
}

@article{morgan2014integrating,
  title={Integrating qualitative and quantitative methods: A pragmatic approach},
  author={Morgan, David L.},
  journal={Sage Publications},
  year={2014},
  address={Thousand Oaks, CA}
}

@article{liang2022holistic,
  title={Holistic evaluation of language models},
  author={Liang, Percy and Bommasani, Rishi and Lee, Tony and Tsipras, Dimitris and Soylu, Dilara and Yasunaga, Michihiro and Zhang, Yuhui and Narayanan, Deepak and Wu, Yuhuai and Kumar, Ananya and others},
  journal={arXiv preprint arXiv:2211.09110},
  year={2022}
}

@article{barocas2017fairness,
  title={Fairness and machine learning},
  author={Barocas, Solon and Hardt, Moritz and Narayanan, Arvind},
  journal={fairmlbook.org},
  year={2019}
}

@article{cameron2007digital,
  title={Digital futures for cultural and media studies},
  author={Cameron, Fiona and Kenderdine, Sarah},
  year={2007},
  publisher={MIT Press},
  address={Cambridge, MA}
}

@book{bentkowska2018digital,
  title={Digital heritage: Progress in cultural heritage documentation, preservation, and protection},
  author={Bentkowska-Kafel, Anna and Cashen, Trish and Gardiner, Hazel},
  year={2018},
  publisher={Springer},
  address={Cham, Switzerland}
}

@article{moretti2013distant,
  title={Distant reading},
  author={Moretti, Franco},
  year={2013},
  publisher={Verso Books},
  address={London, UK}
}

@book{ramsay2011reading,
  title={Reading machines: Toward an algorithmic criticism},
  author={Ramsay, Stephen},
  year={2011},
  publisher={University of Illinois Press},
  address={Urbana, IL}
}

@book{klapuri2006signal,
  title={Signal processing methods for music transcription},
  author={Klapuri, Anssi and Davy, Manuel},
  year={2006},
  publisher={Springer Science \& Business Media},
  address={New York, NY}
}

@article{casey2008content,
  title={Content-based music information retrieval: Current directions and future challenges},
  author={Casey, Michael A. and Veltkamp, Remco and Goto, Masataka and Leman, Marc and Rhodes, Christophe and Slaney, Malcolm},
  journal={Proceedings of the IEEE},
  volume={96},
  number={4},
  pages={668--696},
  year={2008},
  publisher={IEEE}
}

@article{de2002yin,
  title={YIN, a fundamental frequency estimator for speech and music},
  author={De Cheveign{\'e}, Alain and Kawahara, Hideki},
  journal={The Journal of the Acoustical Society of America},
  volume={111},
  number={4},
  pages={1917--1930},
  year={2002},
  publisher={Acoustical Society of America}
}

@book{rice2014ethnomusicology,
  title={Ethnomusicology: A very short introduction},
  author={Rice, Timothy},
  year={2014},
  publisher={Oxford University Press},
  address={Oxford, UK}
}

@book{barz2008shadows,
  title={Shadows in the field: New perspectives for fieldwork in ethnomusicology},
  author={Barz, Gregory F. and Cooley, Timothy J.},
  year={2008},
  publisher={Oxford University Press},
  address={New York, NY},
  edition={2nd}
}

@book{arms2000digital,
  title={Digital libraries},
  author={Arms, William Y.},
  year={2000},
  publisher={MIT Press},
  address={Cambridge, MA}
}

@book{borgman2015big,
  title={Big data, little data, no data: Scholarship in the networked world},
  author={Borgman, Christine L.},
  year={2015},
  publisher={MIT Press},
  address={Cambridge, MA}
}

@book{terras2015digitisation,
  title={Digitisation perspectives},
  author={Terras, Melissa},
  year={2015},
  publisher={Facet Publishing},
  address={London, UK}
}

@article{europeana2014digitisation,
  title={Europeana digitisation and online cultural heritage: Report on digitisation policies and practices in European cultural heritage institutions},
  author={{Europeana Foundation}},
  year={2014},
  publisher={Europeana Foundation},
  address={The Hague, Netherlands}
}

@book{hockey2004history,
  title={The history of humanities computing: An outline},
  author={Hockey, Susan},
  journal={A companion to digital humanities},
  pages={3--19},
  year={2004},
  publisher={Blackwell Publishing},
  address={Oxford, UK}
}

@article{zorich2012transitioning,
  title={Transitioning to a digital world: Art history, its research centers, and digital scholarship},
  author={Zorich, Diane M.},
  year={2012},
  publisher={Samuel H. Kress Foundation},
  address={New York, NY}
}

@book{zolzer2011dafx,
  title={DAFX: digital audio effects},
  author={Z{\"o}lzer, Udo},
  year={2011},
  publisher={John Wiley \& Sons},
  address={Chichester, UK},
  edition={2nd}
}

@book{orfanidis2007introduction,
  title={Introduction to signal processing},
  author={Orfanidis, Sophocles J.},
  year={2007},
  publisher={Prentice Hall},
  address={Upper Saddle River, NJ}
}

@article{downie2003music,
  title={Music information retrieval},
  author={Downie, J. Stephen},
  journal={Annual review of information science and technology},
  volume={37},
  number={1},
  pages={295--340},
  year={2003},
  publisher={Wiley Online Library}
}

@book{schedl2014music,
  title={Music information retrieval: Recent developments and applications},
  author={Schedl, Markus and G{\'o}mez, Emilia and Urbano, Juli{\'a}n},
  year={2014},
  publisher={Foundations and Trends in Information Retrieval},
  volume={8},
  number={2-3},
  pages={127--261}
}

@book{huron2006sweet,
  title={Sweet anticipation: Music and the psychology of expectation},
  author={Huron, David Brian},
  year={2006},
  publisher={MIT Press},
  address={Cambridge, MA}
}

@book{temperley2007music,
  title={Music and probability},
  author={Temperley, David},
  year={2007},
  publisher={MIT Press},
  address={Cambridge, MA}
}

@article{seeger2004traditional,
  title={Traditional music and music-cultures: Attempting a definition},
  author={Seeger, Anthony},
  journal={British Forum for Ethnomusicology},
  volume={13},
  number={1},
  pages={59--68},
  year={2004}
}

@book{post2006ethnomusicology,
  title={Ethnomusicology: A research and information guide},
  author={Post, Jennifer C.},
  year={2006},
  publisher={Routledge},
  address={New York, NY}
}

@article{rycroft1961guitar,
  title={The guitar improvisations of Mwenda Jean Bosco},
  author={Rycroft, David K.},
  journal={African Music},
  volume={2},
  number={4},
  pages={81--98},
  year={1961}
}

@book{kubik1999africa,
  title={Africa and the blues},
  author={Kubik, Gerhard},
  year={1999},
  publisher={University Press of Mississippi},
  address={Jackson, MS}
}

@article{lee2002collection,
  title={Collection development in the digital age},
  author={Lee, Stuart D.},
  year={2002},
  publisher={Facet Publishing},
  address={London, UK}
}

@book{johnson2018fundamentals,
  title={Fundamentals of collection development and management},
  author={Johnson, Peggy},
  year={2018},
  publisher={American Library Association},
  address={Chicago, IL},
  edition={4th}
}

@article{font2013freesound,
  title={Freesound technical demo},
  author={Font, Frederic and Roma, Gerard and Serra, Xavier},
  booktitle={Proceedings of the 21st ACM international conference on Multimedia},
  pages={411--412},
  year={2013}
}

@book{seaman2011digital,
  title={Digital library development: The collections perspective},
  author={Seaman, David},
  year={2011},
  publisher={Council on Library and Information Resources},
  address={Washington, DC}
}

@book{proffitt2005preservation,
  title={Preservation in the digital world},
  author={Proffitt, Merrilee},
  year={2005},
  publisher={Council on Library and Information Resources},
  address={Washington, DC}
}

@article{goldsmith2019smithsonian,
  title={Smithsonian Folkways: The encyclopedia of world music and culture},
  author={Goldsmith, Jeff},
  journal={Music Reference Services Quarterly},
  volume={22},
  number={1},
  pages={43--48},
  year={2019},
  publisher={Taylor \& Francis}
}

@article{thiede2000peaq,
  title={PEAQ-the ITU standard for objective measurement of perceived audio quality},
  author={Thiede, Thilo and Treurniet, William C. and Bitto, Roland and Schmidmer, Christian and Sporer, Thomas and Beerends, John G. and Colomes, Catherine},
  journal={Journal of the Audio Engineering Society},
  volume={48},
  number={1/2},
  pages={3--29},
  year={2000},
  publisher={Audio Engineering Society}
}

@article{kabal2002examination,
  title={An examination and interpretation of ITU-R BS. 1387: Perceptual evaluation of audio quality},
  author={Kabal, Peter},
  journal={TSP Lab Technical Report},
  pages={1--89},
  year={2002},
  publisher={McGill University}
}

@book{pohlmann2005principles,
  title={Principles of digital audio},
  author={Pohlmann, Ken C.},
  year={2005},
  publisher={McGraw-Hill},
  address={New York, NY},
  edition={5th}
}

@book{watkinson2001art,
  title={The art of digital audio},
  author={Watkinson, John},
  year={2001},
  publisher={Focal Press},
  address={Oxford, UK},
  edition={3rd}
}

@article{boll1979suppression,
  title={Suppression of acoustic noise in speech using spectral subtraction},
  author={Boll, Steven F.},
  journal={IEEE Transactions on acoustics, speech, and signal processing},
  volume={27},
  number={2},
  pages={113--120},
  year={1979},
  publisher={IEEE}
}

@article{berouti1979enhancement,
  title={Enhancement of speech corrupted by acoustic noise},
  author={Berouti, Michel and Schwartz, Richard and Makhoul, John},
  booktitle={Proceedings of the IEEE International Conference on Acoustics, Speech, and Signal Processing},
  volume={4},
  pages={208--211},
  year={1979},
  organization={IEEE}
}

@book{katz2002mastering,
  title={Mastering audio: The art and the science},
  author={Katz, Bob},
  year={2002},
  publisher={Focal Press},
  address={Burlington, MA}
}

@article{bello2005tutorial,
  title={A tutorial on onset detection in music signals},
  author={Bello, Juan Pablo and Daudet, Laurent and Abdallah, Samer and Duxbury, Chris and Davies, Mike and Sandler, Mark B.},
  journal={IEEE Transactions on speech and audio processing},
  volume={13},
  number={5},
  pages={1035--1047},
  year={2005},
  publisher={IEEE}
}

@article{dixon2006onset,
  title={Onset detection revisited},
  author={Dixon, Simon},
  booktitle={Proceedings of the 9th International Conference on Digital Audio Effects},
  pages={133--137},
  year={2006}
}

@book{mcaulay1986speech,
  title={Speech analysis/synthesis based on a sinusoidal representation},
  author={McAulay, Robert and Quatieri, Thomas},
  journal={IEEE Transactions on acoustics, speech, and signal processing},
  volume={34},
  number={4},
  pages={744--754},
  year={1986},
  publisher={IEEE}
}

@book{quatieri2002discrete,
  title={Discrete-time speech signal processing: Principles and practice},
  author={Quatieri, Thomas F.},
  year={2002},
  publisher={Prentice Hall PTR},
  address={Upper Saddle River, NJ}
}

@article{peeters2004large,
  title={A large set of audio features for sound description (similarity and classification) in the CUIDADO project},
  author={Peeters, Geoffroy},
  year={2004},
  institution={IRCAM},
  address={Paris, France}
}

@article{tzanetakis2002musical,
  title={Musical genre classification of audio signals},
  author={Tzanetakis, George and Cook, Perry},
  journal={IEEE Transactions on speech and audio processing},
  volume={10},
  number={5},
  pages={293--302},
  year={2002},
  publisher={IEEE}
}

@article{logan2000mel,
  title={Mel frequency cepstral coefficients for music modeling},
  author={Logan, Beth},
  booktitle={Proceedings of the International Symposium on Music Information Retrieval},
  year={2000}
}

@article{fitzgerald2010harmonic,
  title={Harmonic/percussive separation using median filtering},
  author={Fitzgerald, Derry},
  booktitle={Proceedings of the 13th International Conference on Digital Audio Effects},
  pages={246--253},
  year={2010}
}

@book{london2012hearing,
  title={Hearing in time: Psychological aspects of musical meter},
  author={London, Justin},
  year={2012},
  publisher={Oxford University Press},
  address={New York, NY},
  edition={2nd}
}

@article{grabe2002durational,
  title={Durational variability in speech and the rhythm class hypothesis},
  author={Grabe, Esther and Low, Ee Ling},
  journal={Laboratory phonology},
  volume={7},
  pages={515--546},
  year={2002},
  publisher={De Gruyter Mouton}
}

@book{carrington1949talking,
  title={The talking drums of Africa},
  author={Carrington, John F.},
  year={1949},
  publisher={Carey Kingsgate Press},
  address={London, UK}
}

@book{gleick2011information,
  title={The information: A history, a theory, a flood},
  author={Gleick, James},
  year={2011},
  publisher={Pantheon Books},
  address={New York, NY}
}

@book{goodfellow2016deep,
  title={Deep learning},
  author={Goodfellow, Ian and Bengio, Yoshua and Courville, Aaron},
  year={2016},
  publisher={MIT Press},
  address={Cambridge, MA}
}

@article{kingma2013auto,
  title={Auto-encoding variational bayes},
  author={Kingma, Diederik P. and Welling, Max},
  journal={arXiv preprint arXiv:1312.6114},
  year={2013}
}

@article{cortes1995support,
  title={Support-vector networks},
  author={Cortes, Corinna and Vapnik, Vladimir},
  journal={Machine learning},
  volume={20},
  number={3},
  pages={273--297},
  year={1995},
  publisher={Springer}
}

@book{scholkopf2000new,
  title={New support vector algorithms},
  author={Sch{\"o}lkopf, Bernhard and Smola, Alex J. and Williamson, Robert C. and Bartlett, Peter L.},
  journal={Neural computation},
  volume={12},
  number={5},
  pages={1207--1245},
  year={2000},
  publisher={MIT Press}
}

@article{kohavi1995study,
  title={A study of cross-validation and bootstrap for accuracy estimation and model selection},
  author={Kohavi, Ron and others},
  booktitle={Proceedings of the 14th international joint conference on Artificial intelligence},
  volume={2},
  pages={1137--1145},
  year={1995}
}

@book{hastie2009elements,
  title={The elements of statistical learning: Data mining, inference, and prediction},
  author={Hastie, Trevor and Tibshirani, Robert and Friedman, Jerome},
  year={2009},
  publisher={Springer Science \& Business Media},
  address={New York, NY},
  edition={2nd}
}

@book{bishop2006pattern,
  title={Pattern recognition and machine learning},
  author={Bishop, Christopher M.},
  year={2006},
  publisher={Springer},
  address={New York, NY}
}

@article{dietterich1998approximate,
  title={Approximate statistical tests for comparing supervised classification learning algorithms},
  author={Dietterich, Thomas G.},
  journal={Neural computation},
  volume={10},
  number={7},
  pages={1895--1923},
  year={1998},
  publisher={MIT Press}
}

@article{kilgour2018frechet,
  title={Fr{\'e}chet audio distance: A reference-free metric for evaluating music enhancement algorithms},
  author={Kilgour, Kevin and Zuluaga, Mauricio and Roblek, Dominik and Sharifi, Matthew},
  booktitle={Proceedings of the 19th International Society for Music Information Retrieval Conference},
  pages={353--359},
  year={2018}
}

@book{brown2003ethics,
  title={Research ethics in ethnomusicology: Directions and challenges for a new century},
  author={Brown, Steven C.},
  journal={Ethnomusicology},
  volume={47},
  number={2},
  pages={261--276},
  year={2003},
  publisher={University of Illinois Press}
}
